<collection xmlns="http://www.loc.gov/MARC21/slim">
<record>
  <leader>01292nam0a2200229 i 450 </leader>
  <controlfield tag="001">IT\ICCU\CNCE\078240</controlfield>
  <controlfield tag="005">20131029000000.0</controlfield>
  <datafield tag="012" ind1=" " ind2=" ">
    <subfield code="a">sot- o.o, a.e- t.rm (C) 1572 (A)</subfield>
    <subfield code="2">fei</subfield>
  </datafield>
  <datafield tag="100" ind1=" " ind2=" ">
    <subfield code="a">20131029d1572        0itac0103    ba</subfield>
  </datafield>
  <datafield tag="101" ind1=" " ind2=" ">
    <subfield code="a">ITA</subfield>
  </datafield>
  <datafield tag="102" ind1=" " ind2=" ">
    <subfield code="a">IT</subfield>
  </datafield>
  <datafield tag="200" ind1="1" ind2=" ">
    <subfield code="a">℗L&apos;℗assedio et presa di Famagosta, doue s&apos;intende minutissimamente tutte le scaramuccie, &amp; batterie, mine, &amp; assalti dati ad essa fortezza. Et quanto ualore habbiano dimostrato quei signori, capitani, soldati, popolo, &amp; infino le donne; li nomi dei capitani, &amp; numero delle genti morte, cosi de christiani, come de turchi; &amp; medesimamente di quelli che sono restati prigioni</subfield>
  </datafield>
  <datafield tag="210" ind1=" " ind2=" ">
    <subfield code="a">Stampata in Brescia</subfield>
    <subfield code="d">et ristampata in Verona</subfield>
    <subfield code="c">per Bastian dale Donne</subfield>
    <subfield code="d">&amp; Giouanni fratelli</subfield>
    <subfield code="d">1572</subfield>
  </datafield>
  <datafield tag="215" ind1=" " ind2=" ">
    <subfield code="a">\6! c.</subfield>
    <subfield code="c">ill.</subfield>
    <subfield code="d">4ʻ</subfield>
  </datafield>
  <datafield tag="300" ind1=" " ind2=" ">
    <subfield code="a">Il nome dell&apos;autore si ricava da c. A1v</subfield>
  </datafield>
  <datafield tag="620" ind1=" " ind2=" ">
    <subfield code="a">IT</subfield>
    <subfield code="d">Verona</subfield>
  </datafield>
  <datafield tag="700" ind1=" " ind2="1">
    <subfield code="a">Martinengo,</subfield>
    <subfield code="b">Nestore</subfield>
    <subfield code="3">IT\ICCU\CNCA\007440</subfield>
  </datafield>
  <datafield tag="712" ind1="0" ind2="0">
    <subfield code="a">Dalle_Donne, Sebastiano &amp; Dalle_Donne, Giovanni</subfield>
    <subfield code="3">IT\ICCU\CNCT\000150</subfield>
    <subfield code="4">650</subfield>
  </datafield>
  <datafield tag="790" ind1=" " ind2="1">
    <subfield code="a">Martinengo da Barco,</subfield>
    <subfield code="b">Nestore</subfield>
    <subfield code="3">IT\ICCU\CNCA\020583</subfield>
    <subfield code="z">Martinengo, Nestore</subfield>
  </datafield>
  <datafield tag="791" ind1="0" ind2="0">
    <subfield code="a">Dalle_Donne, Giovanni</subfield>
    <subfield code="3">IT\ICCU\CNCT\000151</subfield>
    <subfield code="z">Dalle_Donne, Sebastiano &amp; Dalle_Donne, Giovanni</subfield>
  </datafield>
  <datafield tag="801" ind1=" " ind2="3">
    <subfield code="a">IT</subfield>
    <subfield code="b">ICCU</subfield>
    <subfield code="c">20201115</subfield>
  </datafield>
  <datafield tag="899" ind1=" " ind2=" ">
    <subfield code="a">Biblioteca Palatina. Parma</subfield>
    <subfield code="1">PR0072</subfield>
    <subfield code="2">PAR PA</subfield>
  </datafield>
</record>
</collection>
